
@article{grosz1995centering,
  title={Centering: A framework for modeling the local coherence of discourse},
  author={Grosz, Barbara J and Weinstein, Scott and Joshi, Aravind K},
  journal={Computational linguistics},
  volume={21},
  number={2},
  pages={203--225},
  year={1995},
  publisher={MIT Press}
}

@inproceedings{barzilay2004catching,
  title={Catching the Drift: Probabilistic Content Models, with Applications to Generation and Summarization.},
  author={Barzilay, Regina and Lee, Lillian},
  booktitle={HLT-NAACL},
  pages={113--120},
  year={2004}
}

@inproceedings{barzilay2005modeling,
 author = {Barzilay, Regina and Lapata, Mirella},
 title = {Modeling local coherence: an entity-based approach},
 booktitle = {Proceedings of the 43rd Annual Meeting on Association for Computational Linguistics},
 series = {ACL '05},
 year = {2005},
 location = {Ann Arbor, Michigan},
 pages = {141--148},
 numpages = {8},
 url = {http://dx.doi.org/10.3115/1219840.1219858},
 doi = {10.3115/1219840.1219858},
 acmid = {1219858},
 publisher = {Association for Computational Linguistics},
 address = {Stroudsburg, PA, USA},
} 

@article{barzilay2008modeling,
  title={Modeling local coherence: An entity-based approach},
  author={Barzilay, Regina and Lapata, Mirella},
  journal={Computational Linguistics},
  volume={34},
  number={1},
  pages={1--34},
  year={2008},
  publisher={MIT Press}
}

@inproceedings{elsner2008coreference,
  title={Coreference-inspired coherence modeling},
  author={Elsner, Micha and Charniak, Eugene},
  booktitle={Proceedings of the 46th Annual Meeting of the Association for Computational Linguistics on Human Language Technologies: Short Papers},
  pages={41--44},
  year={2008},
  organization={Association for Computational Linguistics}
}

@inproceedings{elsner2007unified,
  title={A Unified Local and Global Model for Discourse Coherence.},
  author={Elsner, Micha and Austerweil, Joseph L and Charniak, Eugene},
  booktitle={HLT-NAACL},
  pages={436--443},
  year={2007}
}

@inproceedings{lin2011automatically,
  title={Automatically evaluating text coherence using discourse relations},
  author={Lin, Ziheng and Ng, Hwee Tou and Kan, Min-Yen},
  booktitle={Proceedings of the 49th Annual Meeting of the Association for Computational Linguistics: Human Language Technologies-Volume 1},
  pages={997--1006},
  year={2011},
  organization={Association for Computational Linguistics}
}

@inproceedings{louis2012coherence,
  title={A coherence model based on syntactic patterns},
  author={Louis, Annie and Nenkova, Ani},
  booktitle={Proceedings of the 2012 Joint Conference on Empirical Methods in Natural Language Processing and Computational Natural Language Learning},
  pages={1157--1168},
  year={2012},
  organization={Association for Computational Linguistics}
}

@inproceedings{soricut2006discourse,
  title={Discourse generation using utility-trained coherence models},
  author={Soricut, Radu and Marcu, Daniel},
  booktitle={Proceedings of the COLING/ACL on Main conference poster sessions},
  pages={803--810},
  year={2006},
  organization={Association for Computational Linguistics}
}

@inproceedings{althaus2004computing,
  title={Computing locally coherent discourses},
  author={Althaus, Ernst and Karamanis, Nikiforos and Koller, Alexander},
  booktitle={Proceedings of the 42nd Annual Meeting on Association for Computational Linguistics},
  pages={399},
  year={2004},
  organization={Association for Computational Linguistics}
}
